@misc{gdz.bkg,
  author = {Bundesamt für Kartographie und Geodäsie},
  title = {Bundesamt für Kartographie und Geodäsie},
  year = {2023}, 
  howpublished = "\url{https://gdz.bkg.bund.de/index.php/default/digitale-geodaten/verwaltungsgebiete.html}",
  note = "[Online; accessed 15-10-2023]"
}

@misc{ioer.monitor,
  author = {Leibniz-Institut für ökologische Raumentwicklung},
  title = {IÖR-Monitor},
  year = {2023},
  howpublished = "\url{https://www.ioer-monitor.de/}",
  note = "[Online; accessed 15-10-2023]"
}

@misc{North.1998,
 author = {North, Chris and Schneiderman, B},
 title = {A Taxonomy of Multiple Window Coordination: Dept. Technical Report {\#}CS-TR-3854},
 year = {1998},
 howpublished = "\url{https://api.semanticscholar.org/CorpusID:17397701}",
 address = {Univ. Maryland Computer Science},
 note = "[Online; accessed 15-10-2023]"
}